<record><leader>00000cas a22000007a 4500</leader><controlfield tag="001">29788798</controlfield><controlfield tag="008">940211d18931894okuwr ne      0    0eng d</controlfield><datafield ind1=" " ind2=" " tag="010"><subfield code="a">sn 94058740 </subfield></datafield><datafield ind1=" " ind2=" " tag="040"><subfield code="a">OBN</subfield><subfield code="b">eng</subfield><subfield code="c">OBN</subfield><subfield code="d">OCL</subfield><subfield code="d">OCLCQ</subfield></datafield><datafield ind1=" " ind2=" " tag="042"><subfield code="a">msc</subfield></datafield><datafield ind1="0" ind2="4" tag="245"><subfield code="a">The Pawnee times.</subfield></datafield><datafield ind1=" " ind2=" " tag="260"><subfield code="a">Pawnee, O.T. [Okla.] :</subfield><subfield code="b">J.G. Cash</subfield></datafield><datafield ind1=" " ind2=" " tag="300"><subfield code="a">v.</subfield></datafield><datafield ind1=" " ind2=" " tag="310"><subfield code="a">Weekly</subfield></datafield><datafield ind1="0" ind2=" " tag="362"><subfield code="a">-v. 1, no. 14 (Mar. 9, 1894).</subfield></datafield><datafield ind1="1" ind2=" " tag="362"><subfield code="a">Began Dec. 1893.</subfield></datafield><datafield ind1=" " ind2=" " tag="580"><subfield code="a">Merged with: Pawnee weekly pioneer; and: Magic City record; and: Pawnee democrat, to become: Pawnee times-democrat.</subfield></datafield><datafield ind1=" " ind2=" " tag="588"><subfield code="a">Description based on: Vol. 1, no. 2 (Dec. 14, 1893).</subfield></datafield><datafield ind1=" " ind2="4" tag="651"><subfield code="a">Pawnee (Okla.)</subfield><subfield code="v">Newspapers.</subfield></datafield><datafield ind1=" " ind2="4" tag="651"><subfield code="a">Pawnee County (Okla.)</subfield><subfield code="v">Newspapers.</subfield></datafield><datafield ind1=" " ind2="4" tag="651"><subfield code="a">Oklahoma Territory (Okla.)</subfield><subfield code="v">Newspapers.</subfield></datafield><datafield ind1=" " ind2=" " tag="752"><subfield code="a">United States</subfield><subfield code="b">Oklahoma</subfield><subfield code="c">Pawnee</subfield><subfield code="d">Pawnee.</subfield></datafield><datafield ind1="0" ind2="7" tag="785"><subfield code="t">Pawnee weekly pioneer</subfield><subfield code="w">(DLC)sn 94058739</subfield><subfield code="w">(OCoLC)29788698</subfield></datafield><datafield ind1="0" ind2="7" tag="785"><subfield code="t">Magic City record (Pawnee, Okla.)</subfield></datafield><datafield ind1="0" ind2="7" tag="785"><subfield code="t">Pawnee democrat</subfield></datafield><datafield ind1="0" ind2="7" tag="785"><subfield code="t">Pawnee times-democrat</subfield><subfield code="w">(DLC)sn 94058741</subfield><subfield code="w">(OCoLC)29788884</subfield></datafield><datafield ind1="1" ind2=" " tag="029"><subfield code="a">AU@</subfield><subfield code="b">000010884863</subfield></datafield></record>